  @Manual{rbase,
    title = {R: A Language and Environment for Statistical Computing},
    author = {{R Core Team}},
    organization = {R Foundation for Statistical Computing},
    address = {Vienna, Austria},
    year = {2014},
    url = {http://www.R-project.org/},
  }

  @Manual{e1071,
    title = {e1071: Misc Functions of the Department of Statistics (e1071), TU Wien},
    author = {David Meyer and Evgenia Dimitriadou and Kurt Hornik and Andreas Weingessel and Friedrich Leisch},
    year = {2014},
    note = {R package version 1.6-4},
    url = {http://CRAN.R-project.org/package=e1071},
  }
  @Manual{rpart,
    title = {rpart: Recursive Partitioning and Regression Trees},
    author = {Terry Therneau and Beth Atkinson and Brian Ripley},
    year = {2014},
    note = {R package version 4.1-8},
    url = {http://CRAN.R-project.org/package=rpart},
  }
  @Article{randomForest,
    title = {Classification and Regression by randomForest},
    author = {Andy Liaw and Matthew Wiener},
    journal = {R News},
    year = {2002},
    volume = {2},
    number = {3},
    pages = {18-22},
    url = {http://CRAN.R-project.org/doc/Rnews/},
  }
  @Manual{caret,
    title = {caret: Classification and Regression Training},
    author = {Max Kuhn. Contributions from Jed Wing and Steve Weston and Andre Williams and Chris Keefer and Allan Engelhardt and Tony Cooper and Zachary Mayer and Brenton Kenkel and the R Core Team and Michael Benesty and Reynald Lescarbeau and Andrew Ziem and Luca Scrucca.},
    year = {2015},
    note = {R package version 6.0-41},
    url = {http://CRAN.R-project.org/package=caret},
  }

  @Manual{FNN,
    title = {FNN: Fast Nearest Neighbor Search Algorithms and Applications},
    author = {Alina Beygelzimer and Sham Kakadet and John Langford and Sunil Arya and David Mount and Shengqiao Li},
    year = {2013},
    note = {R package version 1.1},
    url = {http://CRAN.R-project.org/package=FNN},
  }





